
@inproceedings{PalopoliAB99,
	Author = {Luigi Palopoli and Paolo Ancilotti and Giorgio C. Buttazzo},
	Booktitle = {6th International Workshop on Real-Time Computing and Applications Symposium (RTCSA 99), 13-16 December 1999, Hong Kong, China},
	Citedby = {0},
	Cites = {0},
	Date-Added = {2011-11-07 10:31:57 +0100},
	Date-Modified = {2011-11-07 10:31:57 +0100},
	Doi = {http://csdl.computer.org/comp/proceedings/rtcsa/1999/0306/00/03060103abs.htm},
	Isbn = {0-7695-0306-3},
	Pages = {103-110},
	Publisher = {IEEE Computer Society},
	Researchr = {http://researchr.org/publication/PalopoliAB99},
	Tags = {programming, C++},
	Title = {A C Language Extension for Programming Real-Time Applications},
	Year = {1999},
	Bdsk-Url-1 = {http://csdl.computer.org/comp/proceedings/rtcsa/1999/0306/00/03060103abs.htm}}

@inproceedings{LukasNS97,
	Author = {Joan D. Lukas and Kenneth Newman and John P. Sullivan},
	Booktitle = {Proceedings of the Eighth SIAM Conference on Parallel Processing for Scientific Computing, PPSC 1997, March 14-17, 1997, Hyatt Regency Minneapolis on Nicollel Mall Hotel, Minneapolis, Minnesota, USA},
	Citedby = {0},
	Cites = {0},
	Date-Added = {2011-11-07 10:30:44 +0100},
	Date-Modified = {2011-11-07 10:30:44 +0100},
	Isbn = {0-89871-395-1},
	Publisher = {SIAM},
	Researchr = {http://researchr.org/publication/LukasNS97},
	Tags = {C++},
	Title = {A Data-Parallel Extension to Split-C},
	Year = {1997}}

@inproceedings{Grimm06,
	Author = {Robert Grimm},
	Booktitle = {Proceedings of the ACM SIGPLAN 2006 Conference on Programming Language Design and Implementation, Ottawa, Ontario, Canada, June 11-14, 2006},
	Citedby = {2},
	Cites = {0},
	Date-Added = {2011-11-07 10:27:59 +0100},
	Date-Modified = {2011-11-07 10:27:59 +0100},
	Doi = {http://doi.acm.org/10.1145/1133981.1133987},
	Editor = {Michael I. Schwartzbach and Thomas Ball},
	Isbn = {1-59593-320-4},
	Pages = {38-51},
	Publisher = {ACM},
	Researchr = {http://researchr.org/publication/Grimm06},
	Tags = {extensible syntax},
	Title = {Better extensibility through modular syntax},
	Year = {2006},
	Bdsk-Url-1 = {http://doi.acm.org/10.1145/1133981.1133987}}

@inproceedings{2003_pohjonen_boosting_embedded_development_with_dsm,
	Author = {Risto Pohjonen},
	Booktitle = {RTC Magazine},
	File = {2003_pohjonen_boosting_embedded_development_with_dsm.pdf:2003_pohjonen_boosting_embedded_development_with_dsm.pdf:PDF},
	Owner = {ratiu},
	Timestamp = {2011.11.05},
	Title = {Boosting Embedded Systems Development with Domain-Specific Modeling},
	Year = {2003}}

@inproceedings{2010_renggli_embedding_languages_without_breaking_tools,
	Booktitle = {ECOOP'10: Proceedings of the 24th European Conference on Object-Oriented Programming,},
	File = {2010_renggli_embedding_languages_without_breaking_tools.pdf:2010_renggli_embedding_languages_without_breaking_tools.pdf:PDF},
	Owner = {ratiu},
	Timestamp = {2011.11.05},
	Title = {Embedding Languages Without Breaking Tools},
	Year = {2010}}

@article{Wilson04:2,
	Author = {Gregory V. Wilson},
	Citedby = {0},
	Cites = {0},
	Date-Added = {2011-11-07 10:29:48 +0100},
	Date-Modified = {2011-11-07 10:29:48 +0100},
	Doi = {http://doi.acm.org/10.1145/1039511.1039534},
	Journal = {ACM Queue},
	Number = {9},
	Pages = {48-57},
	Researchr = {http://researchr.org/publication/Wilson04%3A2},
	Tags = {programming languages, control systems, object-oriented programming, programming, C++, extensible language},
	Title = {Extensible programming for the 21st century},
	Volume = {2},
	Year = {2004},
	Bdsk-Url-1 = {http://doi.acm.org/10.1145/1039511.1039534}}

@inproceedings{2009_guo_mdd_of_domain_specific_applications,
	Author = {Yu Guo, K. Sierszecki and C. Angelov},
	Booktitle = {Proc. of the 7th Nordic Workshop on Model Driven Software Engineering NW-MODE'},
	File = {2009_guo_mdd_of_domain_specific_applications.pdf:2009_guo_mdd_of_domain_specific_applications.pdf:PDF},
	Owner = {ratiu},
	Timestamp = {2011.11.05},
	Title = {Model-Driven Development of Domain-Specific Applications: Tool Support},
	Year = {2009}}

@article{Ben-AsherFR96,
	Author = {Yosi Ben-Asher and Dror G. Feitelson and Larry Rudolph},
	Citedby = {0},
	Cites = {0},
	Date-Added = {2011-11-07 10:32:16 +0100},
	Date-Modified = {2011-11-07 10:32:16 +0100},
	Journal = {Software: Practice and Experience},
	Number = {5},
	Pages = {581-612},
	Researchr = {http://researchr.org/publication/Ben-AsherFR96},
	Tags = {C++},
	Title = {ParC - An Extension of C for Shared Memory Parallel Processing},
	Volume = {26},
	Year = {1996}}

@article{Boussinot91,
	Author = {Fr{\'e}d{\'e}ric Boussinot},
	Citedby = {0},
	Cites = {0},
	Date-Added = {2011-11-07 10:31:20 +0100},
	Date-Modified = {2011-11-07 10:31:20 +0100},
	Journal = {Software: Practice and Experience},
	Number = {4},
	Pages = {401-428},
	Researchr = {http://researchr.org/publication/Boussinot91},
	Tags = {C++},
	Title = {Reactive C: An Extension of C to Program Reactive Systems},
	Volume = {21},
	Year = {1991}}

@inproceedings{CoxBCKK08,
	Author = {Russ Cox and Tom Bergan and Austin T. Clements and M. Frans Kaashoek and Eddie Kohler},
	Booktitle = {Proceedings of the 13th International Conference on Architectural Support for Programming Languages and Operating Systems, ASPLOS 2008, Seattle, WA, USA, March 1-5, 2008},
	Citedby = {1},
	Cites = {0},
	Date-Added = {2011-11-07 10:22:51 +0100},
	Date-Modified = {2011-11-07 10:22:51 +0100},
	Doi = {http://doi.acm.org/10.1145/1346281.1346312},
	Editor = {Susan J. Eggers and James R. Larus},
	Isbn = {978-1-59593-958-6},
	Pages = {244-254},
	Publisher = {ACM},
	Researchr = {http://researchr.org/publication/CoxBCKK08},
	Tags = {programming, compiler},
	Title = {Xoc, an extension-oriented compiler for systems programming},
	Year = {2008},
	Bdsk-Url-1 = {http://doi.acm.org/10.1145/1346281.1346312}}
